@inproceedings{herbst2013elasticity,
  title={Elasticity in cloud computing: What it is, and what it is not},
  author={Herbst, Nikolas Roman and Kounev, Samuel and Reussner, Ralf},
  booktitle={10th International Conference on Autonomic Computing (ICAC'13)},
  pages={23--27},
  year={2013}
}

@misc{ec2,
  title  = {Amazon EC2 instance type},
  howpublished = "\url{https://aws.amazon.com/ec2/instance-types/}"
}

@inproceedings{waldspurger02,
  author =       {Waldspurger, Carl A.},
  title =        {Memory resource management in {VMware ESX} server},
  booktitle =    {USENIX Symposium on Operating System Design and
                  Implementation (OSDI)},
  year =         2002,
  pages =        {181--194},
}

@misc{virtio-mem,
  title  = {virtio-mem},
  howpublished = "\url{https://events19.linuxfoundation.org/wp-content/uploads/2017/12/virtio-mem-Paravirtualized-Memory-
  David-Hildenbrand-Red-Hat-1.pdf}"
}

@misc{KVM,
  title  = {Kernel Vritual Machine},
  howpublished = "\url{https://www.linux-kvm.org/page/Main_Page}"
}

@article{holzle2010brawny,
  title={Brawny cores still beat wimpy cores, most of the time},
  author={H{\"o}lzle, Urs},
  journal = {IEEE Micro},
  year={2010}
}

@inproceedings{zhang2020giantvm,
  title={{GiantVM}: a type-II hypervisor implementing many-to-one virtualization},
  author={Zhang, Jin and Ding, Zhuocheng and Chen, Yubin and Jia, Xingguo and Yu, Boshi and Qi, Zhengwei and Guan, Haibing},
  booktitle={Proceedings of the 16th ACM SIGPLAN/SIGOPS International Conference on Virtual Execution Environments},
  pages={30--44},
  year={2020}
}

@inproceedings{shan2018legoos,
  title={Legoos: A disseminated, distributed {OS} for hardware resource disaggregation},
  author={Shan, Yizhou and Huang, Yutong and Chen, Yilun and Zhang, Yiying},
  booktitle={13th USENIX Symposium on Operating Systems Design and Implementation (OSDI'18)},
  pages={69--87},
  year={2018}
}

@misc{Intel_RSA,
    title     = {Intel Rack Scale Architecture.},
    howpublished = "\url{http://www.intel.com/content/www/us/en/architecture-and-technology/rsa-demo-x264.html.}"
}

@misc{HP_The_Machine,
    title     = {{HP} the machine.},
    howpublished = "\url{http://www.hpl.hp.com/research/systems-research/themachine/.}"
}

@misc{FB_disaggregated_rack,
    title     = {Facebook disaggregated rack.},
    howpublished = "\url{http://goo.gl/6h2Ut.}"
}

@inproceedings{chung2018towards,
  title={Towards a composable computer system},
  author={Chung, I-Hsin and Abali, Bulent and Crumley, Paul},
  booktitle={Proceedings of the International Conference on High Performance Computing in Asia-Pacific Region},
  pages={137--147},
  year={2018}
}
@article{lim2009disaggregated,
  title={Disaggregated memory for expansion and sharing in blade servers},
  author={Lim, Kevin and Chang, Jichuan and Mudge, Trevor and Ranganathan, Parthasarathy and Reinhardt, Steven K and Wenisch, Thomas F},
  journal={ACM SIGARCH computer architecture news},
  volume={37},
  number={3},
  pages={267--278},
  year={2009},
  publisher={ACM New York, NY, USA}
}

@inproceedings{katrinis2016rack,
  title={Rack-scale disaggregated cloud data centers: The {dReDBox} project vision},
  author={Katrinis, Kostas and Syrivelis, Dimitris and Pnevmatikatos, Dionisios and Zervas, Georgios and Theodoropoulos, Dimitris and Koutsopoulos, Iordanis and Hasharoni, K and Raho, Daniel and Pinto, Christian and Espina, F and others},
  booktitle={2016 Design, Automation \& Test in Europe Conference \& Exhibition (DATE'16)},
  pages={690--695},
  year={2016},
  organization={IEEE}
}

@article{asanovic2014firebox,
  title={Firebox: A hardware building block for 2020 warehouse-scale computers},
  author={Asanovi{\'c}, Krste},
  year={2014}
}

@inproceedings{lagar2019software,
  title={Software-defined far memory in warehouse-scale computers},
  author={Lagar-Cavilla, Andres and Ahn, Junwhan and Souhlal, Suleiman and Agarwal, Neha and Burny, Radoslaw and Butt, Shakeel and Chang, Jichuan and Chaugule, Ashwin and Deng, Nan and Shahid, Junaid and others},
  booktitle={Proceedings of the Twenty-Fourth International Conference on Architectural Support for Programming Languages and Operating Systems},
  pages={317--330},
  year={2019}
}

@inproceedings{al2020effectively,
  title={Effectively prefetching remote memory with Leap},
  author={Al Maruf, Hasan and Chowdhury, Mosharaf},
  booktitle={2020 USENIX Annual Technical Conference (ATC'20)},
  pages={843--857},
  year={2020}
}

@inproceedings{gu2017efficient,
  title={Efficient memory disaggregation with infiniswap},
  author={Gu, Juncheng and Lee, Youngmoon and Zhang, Yiwen and Chowdhury, Mosharaf and Shin, Kang G},
  booktitle={14th USENIX Symposium on Networked Systems Design and Implementation (NSDI'17)},
  pages={649--667},
  year={2017}
}

@inproceedings{aguilera2018remote,
  title={Remote regions: a simple abstraction for remote memory},
  author={Aguilera, Marcos K and Amit, Nadav and Calciu, Irina and Deguillard, Xavier and Gandhi, Jayneel and Novakovic, Stanko and Ramanathan, Arun and Subrahmanyam, Pratap and Suresh, Lalith and Tati, Kiran and others},
  booktitle={2018 USENIX Annual Technical Conference (ATC'18)},
  pages={775--787},
  year={2018}
}

@inproceedings{ben2013nonkernel,
  title={The nonkernel: A kernel designed for the cloud},
  author={Ben-Yehuda, Muli and Peleg, Omer and Agmon Ben-Yehuda, Orna and Smolyar, Igor and Tsafrir, Dan},
  booktitle={Proceedings of the 4th Asia-Pacific Workshop on Systems},
  pages={1--7},
  year={2013}
}

@inproceedings{ben2012resource,
  title={The {Resource-as-a-Service} ({RaaS}) cloud},
  author={Ben-Yehuda, Orna Agmon and Ben-Yehuda, Muli and Schuster, Assaf and Tsafrir, Dan},
  booktitle={4th USENIX Workshop on Hot Topics in Cloud Computing (HotCloud 12)},
  year={2012}
}

@inproceedings{salomie2013application,
  title={Application level ballooning for efficient server consolidation},
  author={Salomie, Tudor-Ioan and Alonso, Gustavo and Roscoe, Timothy and Elphinstone, Kevin},
  booktitle={Proceedings of the 8th ACM European Conference on Computer Systems},
  pages={337--350},
  year={2013}
}

@article{amit2014vswapper,
  title={Vswapper: A memory swapper for virtualized environments},
  author={Amit, Nadav and Tsafrir, Dan and Schuster, Assaf},
  journal={Acm Sigplan Notices},
  volume={49},
  number={4},
  pages={349--366},
  year={2014},
  publisher={ACM New York, NY, USA}
}

@inproceedings{hines2011applications,
  title={Applications know best: Performance-driven memory overcommit with {Gingko}},
  author={Hines, Michael R and Gordon, Abel and Silva, Marcio and Da Silva, Dilma and Ryu, Kyung and Ben-Yehuda, Muli},
  booktitle={2011 IEEE Third International Conference on Cloud Computing Technology and Science},
  pages={130--137},
  year={2011},
  organization={IEEE}
}

@inproceedings{agmon2014ginseng,
  title={Ginseng: Market-driven memory allocation},
  author={Agmon Ben-Yehuda, Orna and Posener, Eyal and Ben-Yehuda, Muli and Schuster, Assaf and Mu'alem, Ahuva},
  booktitle={Proceedings of the 10th ACM SIGPLAN/SIGOPS international conference on Virtual Execution Environments},
  pages={41--52},
  year={2014}
}

@inproceedings{shaikh2015dynamic,
  title={Dynamic memory allocation technique for virtual machines},
  author={Shaikh, Gauhar Eram and Shrawankar, Urmila},
  booktitle={2015 IEEE International Conference on Electrical, Computer and Communication Technologies (ICECCT)},
  pages={1--6},
  year={2015},
  organization={IEEE}
}

@article{molto2013elastic,
  title={Elastic memory management of virtualized infrastructures for applications with dynamic memory requirements},
  author={Molt{\'o}, Germ{\'a}n and Caballer, Miguel and Romero, Eloy and De Alfonso, Carlos},
  journal={Procedia Computer Science},
  volume={18},
  pages={159--168},
  year={2013},
  publisher={Elsevier}
}

@inproceedings{soules2003system,
  title={System Support for Online Reconfiguration.},
  author={Soules, Craig AN and Appavoo, Jonathan and Hui, Kevin and Wisniewski, Robert W and Da Silva, Dilma and Ganger, Gregory R and Krieger, Orran and Stumm, Michael and Auslander, Marc A and Ostrowski, Michal and others},
  booktitle={USENIX Annual Technical Conference, General Track},
  pages={141--154},
  year={2003}
}

@inproceedings{baumann2007reboots,
  title={Reboots Are for Hardware: Challenges and Solutions to Updating an Operating System on the Fly.},
  author={Baumann, Andrew and Appavoo, Jonathan and Wisniewski, Robert W and Da Silva, Dilma and Krieger, Orran and Heiser, Gernot},
  booktitle={USENIX Annual Technical Conference},
  pages={337--350},
  year={2007}
}

@inproceedings{baumann2005providing,
  title={Providing Dynamic Update in an Operating System.},
  author={Baumann, Andrew and Heiser, Gernot and Appavoo, Jonathan and Da Silva, Dilma and Krieger, Orran and Wisniewski, Robert W and Kerr, Jeremy},
  booktitle={USENIX Annual Technical Conference, General Track},
  pages={279--291},
  year={2005}
}

@inproceedings{chen2006live,
  title={Live updating operating systems using virtualization},
  author={Chen, Haibo and Chen, Rong and Zhang, Fengzhe and Zang, Binyu and Yew, Pen-Chung},
  booktitle={Proceedings of the 2nd international conference on Virtual Execution Environments},
  pages={35--44},
  year={2006}
}

@inproceedings{chen2007polus,
  title={Polus: A powerful live updating system},
  author={Chen, Haibo and Yu, Jie and Chen, Rong and Zang, Binyu and Yew, Pen-Chung},
  booktitle={29th International Conference on Software Engineering (ICSE'07)},
  pages={271--281},
  year={2007},
  organization={IEEE}
}

@article{zhang2019learned,
  title={``{Learned}'' Operating Systems},
  author={Zhang, Yiying and Huang, Yutong},
  journal={ACM SIGOPS Operating Systems Review},
  volume={53},
  number={1},
  pages={40--45},
  year={2019},
  publisher={ACM New York, NY, USA}
}

@inproceedings{funaro2020memory,
  title={Memory Elasticity Benchmark},
  author={Funaro, Liran and Ben-Yehuda, Orna Agmon and Schuster, Assaf},
  booktitle={Proceedings of the 13th ACM International Systems and Storage Conference},
  pages={1--12},
  year={2020}
}

@inproceedings{agache2020firecracker,
  title={Firecracker: Lightweight virtualization for serverless applications},
  author={Agache, Alexandru and Brooker, Marc and Iordache, Alexandra and Liguori, Anthony and Neugebauer, Rolf and Piwonka, Phil and Popa, Diana-Maria},
  booktitle={17th USENIX Symposium on Networked Systems Design and Implementation (NSDI'20)},
  pages={419--434},
  year={2020}
}

@inproceedings{nitu2018welcome,
  title={Welcome to zombieland: Practical and energy-efficient memory disaggregation in a datacenter},
  author={Nitu, Vlad and Teabe, Boris and Tchana, Alain and Isci, Canturk and Hagimont, Daniel},
  booktitle={Proceedings of the Thirteenth EuroSys Conference},
  pages={1--12},
  year={2018}
}

@inproceedings{sedaghat2013virtual,
  title={A virtual machine re-packing approach to the horizontal vs. vertical elasticity trade-off for cloud autoscaling},
  author={Sedaghat, Mina and Hernandez-Rodriguez, Francisco and Elmroth, Erik},
  booktitle={Proceedings of the 2013 ACM Cloud and Autonomic Computing Conference},
  pages={1--10},
  year={2013}
}

@inproceedings{sukhija2019towards,
  title={Towards a Framework for Monitoring and Analyzing High Performance Computing Environments Using {Kubernetes} and {Prometheus}},
  author={Sukhija, Nitin and Bautista, Elizabeth},
  booktitle={2019 IEEE SmartWorld, Ubiquitous Intelligence \& Computing, Advanced \& Trusted Computing, Scalable Computing \& Communications, Cloud \& Big Data Computing, Internet of People and Smart City Innovation (SmartWorld/SCALCOM/UIC/ATC/CBDCom/IOP/SCI)},
  pages={257--262},
  year={2019},
  organization={IEEE}
}

@article{gers1999learning,
  title={Learning to forget: Continual prediction with {LSTM}},
  author={Gers, Felix A and Schmidhuber, J{\"u}rgen and Cummins, Fred},
  year={1999},
  publisher={IET}
}

@article{abali2015disaggregated,
  title={Disaggregated and optically interconnected memory: when will it be cost effective?},
  author={Abali, Bulent and Eickemeyer, Richard J and Franke, Hubertus and Li, Chung-Sheng and Taubenblatt, Marc A},
  journal={arXiv preprint arXiv:1503.01416},
  year={2015}
}

@inproceedings{gao2016network,
  title={Network requirements for resource disaggregation},
  author={Gao, Peter X and Narayan, Akshay and Karandikar, Sagar and Carreira, Joao and Han, Sangjin and Agarwal, Rachit and Ratnasamy, Sylvia and Shenker, Scott},
  booktitle={12th USENIX Symposium on Operating Systems Design and Implementation (OSDI'16)},
  pages={249--264},
  year={2016}
}

@misc{novak2020auto,
  title={Auto-scaling cloud-based memory-intensive applications},
  author={Novak, Joe H and Kasera, Sneha K and Stutsman, Ryan},
  year={2020},
  month=jul # "~9",
  publisher={Google Patents},
  note={US Patent App. 16/737,099}
}

@inproceedings{yazdanov2014lightweight,
  title={Lightweight automatic resource scaling for multi-tier web applications},
  author={Yazdanov, Lenar and Fetzer, Christof},
  booktitle={2014 IEEE 7th International Conference on Cloud Computing},
  pages={466--473},
  year={2014},
  organization={IEEE}
}

@misc{linux_cpu_hotplug,
  title  = {Linux {CPU} hotplug},
  howpublished = "\url{https://www.kernel.org/doc/html/latest/core-api/cpu_hotplug.html}"
}

@misc{linux_memory_hotplug,
  title  = {Linux memory hotplug},
  howpublished = "\url{https://www.kernel.org/doc/html/latest/admin-guide/mm/memory-hotplug.html}"
}

@article{jones2010virtio,
  title={Virtio: An {I/O} virtualization framework for {Linux}},
  author={Jones, M Tim},
  journal={IBM White Paper},
  volume={29},
  year={2010}
}

@misc{Grafana,
 title = {Grafana},
 howpublished = 
 "\url{https://grafana.com/docs/grafana/latest/getting-started/}"
}

@misc{madvise,
 title = {Linux madvise man page},
 howpublished =
 "\url{https://man7.org/linux/man-pages/man2/madvise.2.html}"
}

@inproceedings{lampson1983hints,
  title={Hints for computer system design},
  author={Lampson, Butler W},
  booktitle={Proceedings of the ninth ACM Symposium on Operating Systems Principles},
  pages={33--48},
  year={1983}
}

@article{farokhi2016hybrid,
  title={A hybrid cloud controller for vertical memory elasticity: A control-theoretic approach},
  author={Farokhi, Soodeh and Jamshidi, Pooyan and Lakew, Ewnetu Bayuh and Brandic, Ivona and Elmroth, Erik},
  journal={Future Generation Computer Systems},
  volume={65},
  pages={57--72},
  year={2016},
  publisher={Elsevier}
}
